<record><leader>00000cas a2200000 a 4500</leader><controlfield tag="001">8097997</controlfield><controlfield tag="007">hd afv---baca</controlfield><controlfield tag="007">hd bfv---baaa</controlfield><controlfield tag="008">820127d18401931pauwr nea     0    0eng c</controlfield><datafield ind1=" " ind2=" " tag="010"><subfield code="a">   00221254 </subfield></datafield><datafield ind1=" " ind2=" " tag="040"><subfield code="a">BZM</subfield><subfield code="b">eng</subfield><subfield code="c">BZM</subfield><subfield code="d">ATL</subfield><subfield code="d">OCLCQ</subfield><subfield code="d">OCLCF</subfield><subfield code="d">OCLCO</subfield><subfield code="d">OCLCA</subfield></datafield><datafield ind1="1" ind2=" " tag="029"><subfield code="a">AU@</subfield><subfield code="b">000021431520</subfield></datafield><datafield ind1=" " ind2=" " tag="042"><subfield code="a">pcc</subfield></datafield><datafield ind1=" " ind2=" " tag="043"><subfield code="a">n-us-pa</subfield></datafield><datafield ind1="1" ind2="4" tag="050"><subfield code="a">BX8201</subfield></datafield><datafield ind1="0" ind2="0" tag="245"><subfield code="a">Pittsburgh Christian advocate</subfield><subfield code="h">[microform].</subfield></datafield><datafield ind1="3" ind2="0" tag="246"><subfield code="a">Christian advocate</subfield></datafield><datafield ind1="1" ind2="7" tag="246"><subfield code="a">Advocate</subfield><subfield code="f">1922-1931</subfield></datafield><datafield ind1=" " ind2=" " tag="260"><subfield code="a">Pittsburgh :</subfield><subfield code="b">Z.H. Coston, C.D. Battelle, and J. Boyle, for the Methodist Episcopal Church,</subfield><subfield code="c">[1840-1931]</subfield></datafield><datafield ind1=" " ind2=" " tag="300"><subfield code="a">92 v. :</subfield><subfield code="b">ill., ports.</subfield></datafield><datafield ind1=" " ind2=" " tag="310"><subfield code="a">Weekly</subfield></datafield><datafield ind1="0" ind2=" " tag="362"><subfield code="a">Vol. 7, no. 40 (Oct. 28, 1840)-v. 98, no. 53 (Dec. 31, 1931).</subfield></datafield><datafield ind1=" " ind2=" " tag="515"><subfield code="a">Issues for Oct. 28, 1840-Dec. 23, 1865 also called: whole no. 352-whole no. 1596.</subfield></datafield><datafield ind1=" " ind2=" " tag="533"><subfield code="a">Microfilm.</subfield><subfield code="m">v.7-98 (1840-1931):[Lacks:v.9:no. 23;v.14:no. 48;v.19:no. 1-32;v.23:no. 42;v.24:no. 51;v.25:no. 34;v.27:no. 39;v.28:no. 5;v.29:no. 53;v.32:no. 21;v.39:no. 23,47-48,51;v.40:no. 33;v.41:no. 27,35,37,53;v.42:no. 27,53;v.45:no. 48]</subfield><subfield code="b">Evanston, Ill. :</subfield><subfield code="c">American Theological Library Association,</subfield><subfield code="d">1961.</subfield><subfield code="e">57 microfilm reels ; 35 mm.</subfield><subfield code="f">(ATLA serials preservation program ; ATLA film S0071B).</subfield><subfield code="n">Reel 2 includes some issues of Pittsburgh conference journal.</subfield><subfield code="n">Reel 2 includes: Iron city and Pittsburgh weekly chronicle, Dec. 11, 1841; Pittsburgh intelligencer, Nov. 27, 1841; Washington banner, Feb. 5, 1842; Morning chronicle (Pittsburgh, Pa. : 1841 : Daily), Sept. 11 and 25, 1841; and: Sun (Pittsburgh, Pa. : 1842 : Dialy), May 25, 1842).</subfield></datafield><datafield ind1=" " ind2="0" tag="650"><subfield code="a">Methodist Church</subfield><subfield code="z">Pennsylvania</subfield><subfield code="v">Periodicals.</subfield></datafield><datafield ind1=" " ind2="7" tag="655"><subfield code="a">Periodicals.</subfield><subfield code="2">fast</subfield><subfield code="0">(OCoLC)fst01411641</subfield></datafield><datafield ind1=" " ind2="7" tag="650"><subfield code="a">Methodist Church.</subfield><subfield code="2">fast</subfield><subfield code="0">(OCoLC)fst01018643</subfield></datafield><datafield ind1=" " ind2="7" tag="651"><subfield code="a">Pennsylvania.</subfield><subfield code="2">fast</subfield><subfield code="0">(OCoLC)fst01204598</subfield></datafield><datafield ind1="2" ind2=" " tag="710"><subfield code="a">Methodist Episcopal Church.</subfield></datafield><datafield ind1="1" ind2=" " tag="776"><subfield code="c">Original</subfield><subfield code="w">(DLC)sn 85054979</subfield><subfield code="w">(OCoLC)6635581</subfield></datafield><datafield ind1="0" ind2="0" tag="780"><subfield code="t">Pittsburgh conference journal</subfield><subfield code="w">(DLC)   00221253</subfield><subfield code="w">(OCoLC)8098157</subfield></datafield><datafield ind1="0" ind2="0" tag="785"><subfield code="t">Christian advocate (New York, N.Y. : 1932)</subfield><subfield code="w">(DLC)   00221256</subfield><subfield code="w">(OCoLC)8098182</subfield></datafield><datafield ind1=" " ind2="0" tag="830"><subfield code="a">ATLA serials preservation program ;</subfield><subfield code="v">ATLA film S0071B.</subfield></datafield></record>